@Article{Berger:2000:HSMa,
  author =       "Emery D. Berger and Kathryn S. McKinley and Robert D.
                 Blumofe and Paul R. Wilson",
  title =        "{Hoard}: a scalable memory allocator for multithreaded
                 applications",
  journal =      j-COMP-ARCH-NEWS,
  volume =       "28",
  number =       "5",
  pages =        "117--128",
  month =        dec,
  year =         "2000",
  CODEN =        "CANED2",
  ISSN =         "0163-5964 (print), 1943-5851 (electronic)",
  ISSN-L =       "0163-5964",
  bibdate =      "Fri May 12 09:41:22 MDT 2006",
  bibsource =    "http://portal.acm.org/;
                 http://www.math.utah.edu/pub/tex/bib/multithreading.bib",
  acknowledgement = ack-nhfb,
  fjournal =     "ACM SIGARCH Computer Architecture News",
}

@Article{Berger:2000:HSMb,
  author =       "Emery D. Berger and Kathryn S. McKinley and Robert D.
                 Blumofe and Paul R. Wilson",
  title =        "{Hoard}: {A} Scalable Memory Allocator for
                 Multithreaded Applications",
  journal =      j-SIGPLAN,
  volume =       "35",
  number =       "11",
  pages =        "117--128",
  month =        nov,
  year =         "2000",
  CODEN =        "SINODQ",
  ISSN =         "0362-1340 (print), 1523-2867 (print), 1558-1160
                 (electronic)",
  ISSN-L =       "0362-1340",
  bibdate =      "Sun Dec 14 09:18:19 MST 2003",
  bibsource =    "http://foothill.lcs.mit.edu/asplos2k/program.html;
                 http://portal.acm.org/;
                 http://www.math.utah.edu/pub/tex/bib/multithreading.bib",
  acknowledgement = ack-nhfb,
  fjournal =     "ACM SIGPLAN Notices",
}

@Article{Berger:2000:HSMc,
  author =       "Emery D. Berger and Kathryn S. McKinley and Robert D.
                 Blumofe and Paul R. Wilson",
  title =        "{Hoard}: a scalable memory allocator for multithreaded
                 applications",
  journal =      j-OPER-SYS-REV,
  volume =       "34",
  number =       "5",
  pages =        "117--128",
  month =        dec,
  year =         "2000",
  CODEN =        "OSRED8",
  ISSN =         "0163-5980 (print), 1943-586X (electronic)",
  ISSN-L =       "0163-5980",
  bibdate =      "Sat Aug 26 08:55:56 MDT 2006",
  bibsource =    "http://portal.acm.org/;
                 http://www.math.utah.edu/pub/tex/bib/multithreading.bib",
  acknowledgement = ack-nhfb,
  fjournal =     "ACM SIGOPS Operating Systems Review",
}
